<record><leader>00000cas a22000007a 4500</leader><controlfield tag="001">14201440</controlfield><controlfield tag="008">860910d191919uutxuwr ne      0    0eng d</controlfield><controlfield tag="009">6576</controlfield><datafield ind1=" " ind2=" " tag="010"><subfield code="a">sn 86088923 </subfield></datafield><datafield ind1=" " ind2=" " tag="040"><subfield code="a">PPM</subfield><subfield code="b">eng</subfield><subfield code="c">PPM</subfield><subfield code="d">DLC</subfield><subfield code="d">PPM</subfield><subfield code="d">DLC</subfield><subfield code="d">PPM</subfield></datafield><datafield ind1=" " ind2=" " tag="042"><subfield code="a">msc</subfield></datafield><datafield ind1="0" ind2="0" tag="245"><subfield code="a">Lipscomb lime light and Follett times.</subfield></datafield><datafield ind1=" " ind2=" " tag="260"><subfield code="a">Follett, Lipscomb County, Tex. :</subfield><subfield code="b">C.A. Skaggs,</subfield><subfield code="c">1919-</subfield></datafield><datafield ind1=" " ind2=" " tag="300"><subfield code="a">v. :</subfield><subfield code="b">ill.</subfield></datafield><datafield ind1=" " ind2=" " tag="310"><subfield code="a">Weekly</subfield></datafield><datafield ind1="0" ind2=" " tag="362"><subfield code="a">Vol. 7, no. 30 (June 12, 1919)-</subfield></datafield><datafield ind1=" " ind2=" " tag="530"><subfield code="a">Available on microfilm from the Center for American History, University of Texas at Austin.</subfield></datafield><datafield ind1=" " ind2=" " tag="752"><subfield code="a">United States</subfield><subfield code="b">Texas</subfield><subfield code="c">Lipscomb</subfield><subfield code="d">Follett.</subfield></datafield><datafield ind1="0" ind2="4" tag="780"><subfield code="t">Lipscomb lime light</subfield><subfield code="w">(DLC)sn 86089747</subfield></datafield><datafield ind1="0" ind2="4" tag="780"><subfield code="t">Follett times</subfield></datafield></record>